@INPROCEEDINGS{465426,
  author={Petrosian, A.},
  booktitle={Proceedings Eighth IEEE Symposium on Computer-Based Medical Systems}, 
  title={Kolmogorov complexity of finite sequences and recognition of different preictal EEG patterns}, 
  year={1995},
  volume={},
  number={},
  pages={212-217},
  doi={10.1109/CBMS.1995.465426}}

