@Inbook{Cristianini2008,
author="Cristianini, Nello
and Ricci, Elisa",
editor="Kao, Ming-Yang",
title="Support Vector Machines",
bookTitle="Encyclopedia of Algorithms",
year="2008",
publisher="Springer US",
address="Boston, MA",
pages="928--932",
isbn="978-0-387-30162-4",
doi="10.1007/978-0-387-30162-4_415",
url="https://doi.org/10.1007/978-0-387-30162-4_415"
}

